<?xml version="1.0" encoding="UTF-8"?><collection xmlns="http://www.loc.gov/MARC21/slim"><record><leader>00343nam--2200133-i-4500</leader><controlfield tag="001">000029804</controlfield><controlfield tag="002">20161230</controlfield><controlfield tag="005">20161230201037</controlfield><controlfield tag="008">060222s1000------------r-----000-0-eng-d</controlfield><datafield ind1=" " ind2=" " tag="080"><subfield code="a">621.039.83</subfield></datafield><datafield ind1=" " ind2=" " tag="100"><subfield code="a">Lajtha,  L.G</subfield></datafield><datafield ind1=" " ind2=" " tag="245"><subfield code="a">The use of isotopes in haematology</subfield></datafield><datafield ind1=" " ind2=" " tag="260"><subfield code="a">Oxford, Blackwell Scientific Publ. 1961. X + 83p</subfield></datafield><datafield ind1=" " ind2=" " tag="852"><subfield code="a">17279</subfield></datafield></record></collection>